@article{cavender2004multiple,
  title={Multiple trait associations in relation to habitat differentiation among 17 Floridian oak species},
  author={Cavender-Bares, Jeannine and Kitajima, Kaoru and Bazzaz, FA},
  journal={Ecological Monographs},
  volume={74},
  number={4},
  pages={635--662},
  year={2004},
  publisher={Wiley Online Library}
}

@article{jolly2005generalized,
  title={A generalized, bioclimatic index to predict foliar phenology in response to climate},
  author={Jolly, William M and Nemani, Ramakrishna and Running, Steven W},
  journal={Global Change Biology},
  volume={11},
  number={4},
  pages={619--632},
  year={2005},
  publisher={Wiley Online Library}
}